@article{vrEngineeringProjects,
  author  = "Deyin Jin, Feng Yan, Yuji Ito",
  title   = "Applications of Virtual Reality to Civil and Architectural Engineering Projects",
  journal = "International Symposium on Innovation \& Sustainability of Structures in Civil Engineering",
  year    = 2007,
  month   = 11,
}

@online{VRS,
	author = "Virtual reality society",
	title = "History Of Virtual Reality",
	url = {https://www.vrs.org.uk/virtual-reality/history.html},
	urldate = {2017-10-17} 
}

@INPROCEEDINGS{generalVR,
	author={S. Wang and Z. Mao and C. Zeng and H. Gong and S. Li and B. Chen},
	booktitle={2010 18th International Conference on Geoinformatics},
	title={A new method of virtual reality based on Unity3D},
	year={2010},
	volume={},
	number={},
	pages={1-5},
	month={June},}

@online{elderlyVRScout,
	author = "VRlife by J",
	title = "How Virtual Reality Can Assist the Elderly",
	url = {https://vrscout.com/news/virtual-reality-can-assist-elderly/},
	urldate = {2017-10-17} 
}